%YAML 1.1
%TAG !u! tag:unity3d.com,2011:
--- !u!1 &4674097405258028026
GameObject:
  m_ObjectHideFlags: 0
  m_CorrespondingSourceObject: {fileID: 0}
  m_PrefabInstance: {fileID: 0}
  m_PrefabAsset: {fileID: 0}
  serializedVersion: 6
  m_Component:
  - component: {fileID: 4674097405258028028}
  - component: {fileID: 4674097405258028027}
  m_Layer: 0
  m_Name: BonusManager
  m_TagString: Untagged
  m_Icon: {fileID: 0}
  m_NavMeshLayer: 0
  m_StaticEditorFlags: 0
  m_IsActive: 1
--- !u!4 &4674097405258028028
Transform:
  m_ObjectHideFlags: 0
  m_CorrespondingSourceObject: {fileID: 0}
  m_PrefabInstance: {fileID: 0}
  m_PrefabAsset: {fileID: 0}
  m_GameObject: {fileID: 4674097405258028026}
  m_LocalRotation: {x: -0, y: -0, z: -0, w: 1}
  m_LocalPosition: {x: -5.98958, y: 2.1899745, z: -144.98587}
  m_LocalScale: {x: 1, y: 1, z: 1}
  m_Children: []
  m_Father: {fileID: 4084127092463498798}
  m_RootOrder: 0
  m_LocalEulerAnglesHint: {x: 0, y: 0, z: 0}
--- !u!114 &4674097405258028027
MonoBehaviour:
  m_ObjectHideFlags: 0
  m_CorrespondingSourceObject: {fileID: 0}
  m_PrefabInstance: {fileID: 0}
  m_PrefabAsset: {fileID: 0}
  m_GameObject: {fileID: 4674097405258028026}
  m_Enabled: 1
  m_EditorHideFlags: 0
  m_Script: {fileID: 11500000, guid: f96d2609471204f4e9014b5a586563ca, type: 3}
  m_Name: 
  m_EditorClassIdentifier: 
--- !u!114 &4674097405669035776
MonoBehaviour:
  m_ObjectHideFlags: 0
  m_CorrespondingSourceObject: {fileID: 0}
  m_PrefabInstance: {fileID: 0}
  m_PrefabAsset: {fileID: 0}
  m_GameObject: {fileID: 3879039936672452873}
  m_Enabled: 1
  m_EditorHideFlags: 0
  m_Script: {fileID: 11500000, guid: 89e4d0f69bf96b147a28e4ba62edaee6, type: 3}
  m_Name: 
  m_EditorClassIdentifier: 
  poolCount: 30
  objPrefab: {fileID: 3067702011914081716, guid: 1c30e7d3dacea5248844c186e72fcdf8, type: 3}
  ObjData:
  - {fileID: 11400000, guid: 1f02d8b63dfa73640af949a50dd184b0, type: 2}
  - {fileID: 11400000, guid: 08d45d1e5368f884ca70529de0fcad65, type: 2}
  - {fileID: 11400000, guid: f66077cd3cd6378428c131a2f26e0705, type: 2}
--- !u!1 &9062727274079940999
GameObject:
  m_ObjectHideFlags: 0
  m_CorrespondingSourceObject: {fileID: 0}
  m_PrefabInstance: {fileID: 0}
  m_PrefabAsset: {fileID: 0}
  serializedVersion: 6
  m_Component:
  - component: {fileID: 4084127092463498798}
  m_Layer: 0
  m_Name: Bonuses
  m_TagString: Untagged
  m_Icon: {fileID: 0}
  m_NavMeshLayer: 0
  m_StaticEditorFlags: 0
  m_IsActive: 1
--- !u!4 &4084127092463498798
Transform:
  m_ObjectHideFlags: 0
  m_CorrespondingSourceObject: {fileID: 0}
  m_PrefabInstance: {fileID: 0}
  m_PrefabAsset: {fileID: 0}
  m_GameObject: {fileID: 9062727274079940999}
  m_LocalRotation: {x: 0, y: 0, z: 0, w: 1}
  m_LocalPosition: {x: 5.98958, y: -2.1899745, z: 134.98587}
  m_LocalScale: {x: 1, y: 1, z: 1}
  m_Children:
  - {fileID: 4674097405258028028}
  - {fileID: 3879039936672452885}
  m_Father: {fileID: 0}
  m_RootOrder: 0
  m_LocalEulerAnglesHint: {x: 0, y: 0, z: 0}
--- !u!1001 &4674097403761649134
PrefabInstance:
  m_ObjectHideFlags: 0
  serializedVersion: 2
  m_Modification:
    m_TransformParent: {fileID: 4084127092463498798}
    m_Modifications:
    - target: {fileID: 4393642019517427822, guid: 214a40033cb665445b803df30d311765, type: 3}
      propertyPath: m_IsActive
      value: 0
      objectReference: {fileID: 0}
    - target: {fileID: 8433171267244504295, guid: 214a40033cb665445b803df30d311765, type: 3}
      propertyPath: m_Name
      value: PoolBonuses
      objectReference: {fileID: 0}
    - target: {fileID: 8433171267244504295, guid: 214a40033cb665445b803df30d311765, type: 3}
      propertyPath: m_IsActive
      value: 1
      objectReference: {fileID: 0}
    - target: {fileID: 8433171267244504314, guid: 214a40033cb665445b803df30d311765, type: 3}
      propertyPath: m_Camera
      value: 
      objectReference: {fileID: 0}
    - target: {fileID: 8433171267244504314, guid: 214a40033cb665445b803df30d311765, type: 3}
      propertyPath: m_SortingOrder
      value: 3
      objectReference: {fileID: 0}
    - target: {fileID: 8433171267244504315, guid: 214a40033cb665445b803df30d311765, type: 3}
      propertyPath: m_Pivot.x
      value: 0
      objectReference: {fileID: 0}
    - target: {fileID: 8433171267244504315, guid: 214a40033cb665445b803df30d311765, type: 3}
      propertyPath: m_Pivot.y
      value: 0
      objectReference: {fileID: 0}
    - target: {fileID: 8433171267244504315, guid: 214a40033cb665445b803df30d311765, type: 3}
      propertyPath: m_RootOrder
      value: 1
      objectReference: {fileID: 0}
    - target: {fileID: 8433171267244504315, guid: 214a40033cb665445b803df30d311765, type: 3}
      propertyPath: m_AnchorMax.x
      value: 0
      objectReference: {fileID: 0}
    - target: {fileID: 8433171267244504315, guid: 214a40033cb665445b803df30d311765, type: 3}
      propertyPath: m_AnchorMax.y
      value: 0
      objectReference: {fileID: 0}
    - target: {fileID: 8433171267244504315, guid: 214a40033cb665445b803df30d311765, type: 3}
      propertyPath: m_AnchorMin.x
      value: 0
      objectReference: {fileID: 0}
    - target: {fileID: 8433171267244504315, guid: 214a40033cb665445b803df30d311765, type: 3}
      propertyPath: m_AnchorMin.y
      value: 0
      objectReference: {fileID: 0}
    - target: {fileID: 8433171267244504315, guid: 214a40033cb665445b803df30d311765, type: 3}
      propertyPath: m_SizeDelta.x
      value: 0
      objectReference: {fileID: 0}
    - target: {fileID: 8433171267244504315, guid: 214a40033cb665445b803df30d311765, type: 3}
      propertyPath: m_SizeDelta.y
      value: 0
      objectReference: {fileID: 0}
    - target: {fileID: 8433171267244504315, guid: 214a40033cb665445b803df30d311765, type: 3}
      propertyPath: m_LocalPosition.x
      value: 0
      objectReference: {fileID: 0}
    - target: {fileID: 8433171267244504315, guid: 214a40033cb665445b803df30d311765, type: 3}
      propertyPath: m_LocalPosition.y
      value: 0
      objectReference: {fileID: 0}
    - target: {fileID: 8433171267244504315, guid: 214a40033cb665445b803df30d311765, type: 3}
      propertyPath: m_LocalPosition.z
      value: 0
      objectReference: {fileID: 0}
    - target: {fileID: 8433171267244504315, guid: 214a40033cb665445b803df30d311765, type: 3}
      propertyPath: m_LocalRotation.w
      value: 1
      objectReference: {fileID: 0}
    - target: {fileID: 8433171267244504315, guid: 214a40033cb665445b803df30d311765, type: 3}
      propertyPath: m_LocalRotation.x
      value: 0
      objectReference: {fileID: 0}
    - target: {fileID: 8433171267244504315, guid: 214a40033cb665445b803df30d311765, type: 3}
      propertyPath: m_LocalRotation.y
      value: 0
      objectReference: {fileID: 0}
    - target: {fileID: 8433171267244504315, guid: 214a40033cb665445b803df30d311765, type: 3}
      propertyPath: m_LocalRotation.z
      value: 0
      objectReference: {fileID: 0}
    - target: {fileID: 8433171267244504315, guid: 214a40033cb665445b803df30d311765, type: 3}
      propertyPath: m_AnchoredPosition.x
      value: 0
      objectReference: {fileID: 0}
    - target: {fileID: 8433171267244504315, guid: 214a40033cb665445b803df30d311765, type: 3}
      propertyPath: m_AnchoredPosition.y
      value: 0
      objectReference: {fileID: 0}
    - target: {fileID: 8433171267244504315, guid: 214a40033cb665445b803df30d311765, type: 3}
      propertyPath: m_LocalEulerAnglesHint.x
      value: 0
      objectReference: {fileID: 0}
    - target: {fileID: 8433171267244504315, guid: 214a40033cb665445b803df30d311765, type: 3}
      propertyPath: m_LocalEulerAnglesHint.y
      value: 0
      objectReference: {fileID: 0}
    - target: {fileID: 8433171267244504315, guid: 214a40033cb665445b803df30d311765, type: 3}
      propertyPath: m_LocalEulerAnglesHint.z
      value: 0
      objectReference: {fileID: 0}
    - target: {fileID: 8433171267244504316, guid: 214a40033cb665445b803df30d311765, type: 3}
      propertyPath: TxtPrefab
      value: 
      objectReference: {fileID: 5764912544116777834, guid: 898de4ee674a34a4b8a1766eb9063980, type: 3}
    - target: {fileID: 8433171267244504316, guid: 214a40033cb665445b803df30d311765, type: 3}
      propertyPath: unitPrefab
      value: 
      objectReference: {fileID: 3087075731836730038, guid: bbf129d6797b7dd46b691e5e795e36ce, type: 3}
    - target: {fileID: 8433171267244504316, guid: 214a40033cb665445b803df30d311765, type: 3}
      propertyPath: BullerParent
      value: 
      objectReference: {fileID: 8945522082995312000}
    - target: {fileID: 8433171267244504316, guid: 214a40033cb665445b803df30d311765, type: 3}
      propertyPath: BulletParent
      value: 
      objectReference: {fileID: 8945522082995312003}
    - target: {fileID: 8433171267244504316, guid: 214a40033cb665445b803df30d311765, type: 3}
      propertyPath: bulletPrefab
      value: 
      objectReference: {fileID: 4348780528528151745, guid: 60e941ca497457247a1afe8b815f2506, type: 3}
    - target: {fileID: 8433171267244504316, guid: 214a40033cb665445b803df30d311765, type: 3}
      propertyPath: poolTxtCount
      value: 40
      objectReference: {fileID: 0}
    - target: {fileID: 8433171267244504316, guid: 214a40033cb665445b803df30d311765, type: 3}
      propertyPath: poolUnitsCount
      value: 30
      objectReference: {fileID: 0}
    - target: {fileID: 8433171267244504316, guid: 214a40033cb665445b803df30d311765, type: 3}
      propertyPath: ExplosionPrefab
      value: 
      objectReference: {fileID: 2186665991845706469, guid: 415d5b427de21e945bed6062928c30c9, type: 3}
    - target: {fileID: 8433171267244504316, guid: 214a40033cb665445b803df30d311765, type: 3}
      propertyPath: poolBulletsCount
      value: 50
      objectReference: {fileID: 0}
    - target: {fileID: 8433171267244504316, guid: 214a40033cb665445b803df30d311765, type: 3}
      propertyPath: poolExplosionsCount
      value: 20
      objectReference: {fileID: 0}
    - target: {fileID: 8433171267244504316, guid: 214a40033cb665445b803df30d311765, type: 3}
      propertyPath: _components.Array.data[0]
      value: 
      objectReference: {fileID: 0}
    - target: {fileID: 8433171267244504316, guid: 214a40033cb665445b803df30d311765, type: 3}
      propertyPath: _components.Array.data[1]
      value: 
      objectReference: {fileID: 0}
    - target: {fileID: 8433171267244504316, guid: 214a40033cb665445b803df30d311765, type: 3}
      propertyPath: _components.Array.data[2]
      value: 
      objectReference: {fileID: 0}
    - target: {fileID: 8433171267244504316, guid: 214a40033cb665445b803df30d311765, type: 3}
      propertyPath: _components.Array.data[3]
      value: 
      objectReference: {fileID: 0}
    m_RemovedComponents:
    - {fileID: 8433171267244504316, guid: 214a40033cb665445b803df30d311765, type: 3}
  m_SourcePrefab: {fileID: 100100000, guid: 214a40033cb665445b803df30d311765, type: 3}
--- !u!1 &3879039936672452873 stripped
GameObject:
  m_CorrespondingSourceObject: {fileID: 8433171267244504295, guid: 214a40033cb665445b803df30d311765, type: 3}
  m_PrefabInstance: {fileID: 4674097403761649134}
  m_PrefabAsset: {fileID: 0}
--- !u!224 &3879039936672452885 stripped
RectTransform:
  m_CorrespondingSourceObject: {fileID: 8433171267244504315, guid: 214a40033cb665445b803df30d311765, type: 3}
  m_PrefabInstance: {fileID: 4674097403761649134}
  m_PrefabAsset: {fileID: 0}
--- !u!1 &8945522082995312000 stripped
GameObject:
  m_CorrespondingSourceObject: {fileID: 4393642019517427822, guid: 214a40033cb665445b803df30d311765, type: 3}
  m_PrefabInstance: {fileID: 4674097403761649134}
  m_PrefabAsset: {fileID: 0}
--- !u!224 &8945522082995312003 stripped
RectTransform:
  m_CorrespondingSourceObject: {fileID: 4393642019517427821, guid: 214a40033cb665445b803df30d311765, type: 3}
  m_PrefabInstance: {fileID: 4674097403761649134}
  m_PrefabAsset: {fileID: 0}
